@book{rust-book,
      title = {The Rust Programming Language},
      author = {Klabnik, Steve and Nichols, Carol and Krycho Chris and {Rust Community}},
      publisher = {No Starch Press},
      year = {2024},
      isbn = {978-1-63190-308-0},
      url = {https://doc.rust-lang.org/book/}
}
